% Encoding: UTF-8
%% This BibTeX bibliography file was created using BibDesk.
%% http://bibdesk.sourceforge.net/


%% Created for Mak at 2011-07-01 23:12:31 +0200 


%% Saved with string encoding Unicode (UTF-8) 



@electronic{mm2009,
	Author = {Mustermann, Max},
	Date-Added = {2010-03-21 22:17:12 +0100},
	Date-Modified = {2011-07-01 23:11:24 +0200},
	Language = {de},
	Month = {11},
	Timestamp = {2009.12.29},
	Title = {Ein Beispielbuch},
	Url = {http://www.example.com},
	Year = {2009},
	Bdsk-Url-1 = {http://www.example.com}}

@electronic{mf2005,
	Author = {Musterfrau, Maxi},
	Date-Modified = {2011-07-01 23:12:20 +0200},
	Language = {en},
	Month = {08},
	Timestamp = {2009.12.29},
	Title = {Ein weiteres Beispielbuch},
	Url = {http://www.example.com},
	Year = {2005},
	Bdsk-Url-1 = {http://www.example.com}}

@electronic{se21,
	Author = {Bahn, Fachverlag},
	Date-Modified = {20132-04-01 23:12:20 +0200},
	Language = {de},
	Month = {08},
	Timestamp = {2021.04.01},
	Title = {Systemwissen Eisenbahn},
	Url = {https://www.bahn-fachverlag.de/wp-content/uploads/2016/05/FB_SWE1_Leseprobe_LP3_s.pdf},
	Year = {2005},
	Bdsk-Url-1 = {http://www.example.com}}

@book{aristotle:physics, 
 author = {Aristotle}, 
 title = {Physics}, 
 year = {1929}, 
 publisher = {G. P. Putnam}, 
 }

 @electronic{PE,
	Author = {Unbekannt},
	Date-Modified = {20132-04-01 23:12:20 +0200},
	Language = {de},
	Month = {08},
	Timestamp = {2021.04.01},
	Title = {Das Kameramodell},
	Url = {https://sundoc.bibliothek.uni-halle.de/diss-online/05/05H124/t3.pdf},
	Year = {2017},
	Bdsk-Url-1 = {http://www.example.com}}

@book{catmull, 
 author = {Catmull, Edwin}, 
 title = {A class of local interpolating splines}, 
 year = {1974}, 
 publisher = {Computer Aided Geometric Design.}, 
 }
@Dataset{0520,
  author   = {BOSCH Engineering},
  date     = {2020-05-20},
  title    = {ROI measurement 2020-05-20},
  location = {Hamburg},
}

@MastersThesis{fh,
  author      = {Florian Hofstetter},
  date        = {2021-04-08},
  institution = {HTW Berlin},
  title       = {unbekannt},
}

@Dataset{rs19,
  author = {Austrian Institute of Technology},
  date   = {2019},
  title  = {RailSem19: A Dataset for Semantic Rail Scene Understanding},
}

@Comment{jabref-meta: databaseType:biblatex;}
