% Encoding: UTF-8
%% This BibTeX bibliography file was created using BibDesk.
%% http://bibdesk.sourceforge.net/


%% Created for Mak at 2011-07-01 23:12:31 +0200 


%% Saved with string encoding Unicode (UTF-8) 


@Dataset{0520,
  author   = {BOSCH Engineering},
  date     = {2020-05-20},
  title    = {ROI measurement 2020-05-20},
  location = {Hamburg},
}

@MastersThesis{fh,
  author      = {Florian Hofstetter},
  date        = {2021-04-08},
  institution = {HTW Berlin},
  title       = {unbekannt},
}

@Dataset{rs19,
  author = {Austrian Institute of Technology},
  date   = {2019},
  title  = {RailSem19: A Dataset for Semantic Rail Scene Understanding},
}

@Comment{jabref-meta: databaseType:biblatex;}
